<?xml version='1.0' encoding='UTF-8'?>
<record xmlns="http://www.loc.gov/MARC21/slim">
  <leader>00692cam a2200181 a 4500</leader>
  <controlfield tag="001">2941912</controlfield>
  <controlfield tag="003">NjP</controlfield>
  <controlfield tag="005">20171107172251.0</controlfield>
  <controlfield tag="008">990204s1949    ua            000 0 arard</controlfield>
  <datafield tag="024" ind1="7" ind2=" ">
    <subfield code="a">princeton_aco002698</subfield>
    <subfield code="2">local</subfield>
  </datafield>
  <datafield ind1=" " ind2=" " tag="035">
    <subfield code="a">(OCoLC)ocm40732528</subfield>
  </datafield>
  <datafield ind1=" " ind2=" " tag="035">
    <subfield code="9">CPH2200TS</subfield>
  </datafield>
  <datafield ind1=" " ind2=" " tag="040">
    <subfield code="a">IXA</subfield>
    <subfield code="c">IXA</subfield>
    <subfield code="d">PUL</subfield>
  </datafield>
  <datafield ind1="1" ind2=" " tag="100">
    <subfield code="a">Saʻdī, ʻAbd al-Raḥmān ibn Nāṣir.</subfield>
  </datafield>
  <datafield ind1="1" ind2="0" tag="245">
    <subfield code="a">Taysīr al-Laṭīf al-Mannān fī khulāṣat tafsīr al-Qurʼān /</subfield>
    <subfield code="c">taʼlīf ʻAbd al-Raḥmān ibn Nāṣir al-Saʻdī.</subfield>
  </datafield>
  <datafield ind1=" " ind2=" " tag="260">
    <subfield code="a">[Egypt] :</subfield>
    <subfield code="b">Maṭbaʻat al-Imām,</subfield>
    <subfield code="c">1949.</subfield>
  </datafield>
  <datafield ind1=" " ind2=" " tag="300">
    <subfield code="a">203 p. ;</subfield>
    <subfield code="c">28 cm.</subfield>
  </datafield>
  <datafield ind1="0" ind2="0" tag="630">
    <subfield code="a">Qurʼan</subfield>
    <subfield code="x">Criticism, interpretation, etc.</subfield>
    <subfield code="0">http://id.loc.gov/authorities/subjects/sh85072959</subfield>
  </datafield>
  <datafield ind1=" " ind2=" " tag="945">
    <subfield code="a">ARAB</subfield>
    <subfield code="b">1</subfield>
    <subfield code="c">BP130.2</subfield>
    <subfield code="d">.xS3</subfield>
  </datafield>
  <datafield ind1=" " ind2=" " tag="911">
    <subfield code="a">20000402</subfield>
  </datafield>
  <datafield ind1="0" ind2="0" tag="852">
    <subfield code="0">3256675</subfield>
    <subfield code="b">rcppa</subfield>
    <subfield code="t">1</subfield>
    <subfield code="h">BP130.2</subfield>
    <subfield code="i">.xS3</subfield>
    <subfield code="x">tr fr arab</subfield>
  </datafield>
  <datafield ind1=" " ind2=" " tag="959">
    <subfield code="a">2005-08-04 11:28:25 -0500</subfield>
  </datafield>
</record>
